%%%%%%%%%%%%%%%%%%%%%%%%%%%%%%%%%%%%%%%%%%%%%%%%%%%%%%%%%%%%%%%%%%%%%%%%%%%%%%%%
%%
%% Список литературы
%%
%%%%%%%%%%%%%%%%%%%%%%%%%%%%%%%%%%%%%%%%%%%%%%%%%%%%%%%%%%%%%%%%%%%%%%%%%%%%%%%%


@book{karpov-book,
	author = "Карпов, Ю. Г.",
	title = "Верификация параллельных и распределенных программных систем",
	year = "2010",
	pages = "560",
	publisher = "БХВ-Петербург",
	language = "russian"
}

@book{mironov-book,
	author = "Миронов, А. М.",
	title = "Верификация программ методом Model Checking",
	year = "2012",
	pages = "84",
	publisher = "Москва",
	annote = "http://intsys.msu.ru/staff/mironov/modelchk.pdf",
	language = "russian"
}

@online{spin,
	title = {SPIN},
	organization = {SPIN},
	url = {http://www.spinroot.com/},
	urldate = {18.06.2017},
	language = {russian},
}

@inproceedings{nusmv-gui,
	author = {Cimatti, Alessandro and Clarke, Edmund M. and Giunchiglia, Fausto and Roveri, Marco},
	title = {NUSMV: A New Symbolic Model Verifier},
	booktitle = {Proceedings of the 11th International Conference on Computer Aided Verification},
	series = {CAV '99},
	year = {1999},
	isbn = {3-540-66202-2},
	pages = {495--499},
	numpages = {5},
	url = {http://dl.acm.org/citation.cfm?id=647768.733923},
	acmid = {733923},
	publisher = {Springer-Verlag},
	address = {London, UK, UK},
} 

@online{nusmv,
title = {SPIN},
organization = {NuSMV},
url = {http://www.spinroot.com/},
urldate = {18.06.2017},
language = {russian},
}

@online{nuseen,
title = {NuSeen},
organization = {NuSeen},
url = {http://nuseen.sourceforge.net/},
urldate = {18.06.2017},
language = {russian},
}

@online{http,
title = {RFC 2616 HTTP/1.1},
organization = {RFC},
url = {https://tools.ietf.org/html/rfc2616},
urldate = {18.06.2017},
language = {russian},
}

@online{https,
title = {RFC 2818 HTTPS},
organization = {RFC},
url = {https://tools.ietf.org/html/rfc2818},
urldate = {18.06.2017},
language = {russian},
}

@book{rest,
	author = {Wilde, Erik and Pautasso, Cesare},
	title = {REST: From Research to Practice},
	year = {2011},
	isbn = {1441983023, 9781441983022},
	edition = {1st},
	publisher = {Springer Publishing Company, Incorporated},
} 

@online{soap,
title = {SOAP},
organization = {W3},
url = {https://www.w3.org/TR/2000/NOTE-SOAP-20000508/},
urldate = {18.06.2017},
language = {russian},
}

@book{sockets,
	author = {Stevens, W. Richard and Fenner, Bill and Rudoff, Andrew M.},
	title = {UNIX Network Programming, Vol. 1},
	year = {2003},
	isbn = {0131411551},
	edition = {3},
	publisher = {Pearson Education},
} 

@book{node,
	author = {Surhone, Lambert M. and Tennoe, Mariam T. and Henssonow, Susan F.},
	title = {Node.Js},
	year = {2010},
	isbn = {6133180196, 9786133180192},
	publisher = {Betascript Publishing},
	address = {Mauritius},
} 

@online{django,
title = {Django},
organization = {Django},
url = {https://www.djangoproject.com/},
urldate = {18.06.2017},
language = {russian},
}

@book{reactjs,
	author = {Abel, Todd},
	title = {ReactJS: Become a Professional in Web App Development},
	year = {2016},
	isbn = {1533118825, 9781533118820},
	publisher = {CreateSpace Independent Publishing Platform},
	address = {USA},
} 

@book{angular,
	author = {Green, Brad and Seshadri, Shyam},
	title = {AngularJS},
	year = {2013},
	isbn = {1449344852, 9781449344856},
	edition = {1st},
	publisher = {O'Reilly Media, Inc.},
} 

@online{vuejs,
title = {VueJS},
organization = {VueJS},
url = {https://vuejs.org/},
urldate = {18.06.2017},
language = {russian},
}

@online{pixijs,
title = {PixiJS},
organization = {PixiJS},
url = {http://www.pixijs.com/},
urldate = {18.06.2017},
language = {russian},
}

@book{d3js,
	author = {Zhu, Nick Qi},
	title = {Data Visualization with D3.Js Cookbook},
	year = {2013},
	isbn = {178216216X, 9781782162162},
	publisher = {Packt Publishing},
} 
%%%%%%%%%%%%%%%%%%%%%%%%%%%%%%%%%%%%%%%%%%%%%%%%%%%%%%%%%%%%%%%%%%%%%%%%%%%%%%%%
